@inproceedings{hsu2014co,
  title={Co-dfns: Ancient Language, Modern Compiler},
  author={Hsu, Aaron W},
  booktitle={Proceedings of ACM SIGPLAN International Workshop on Libraries, Languages, and Compilers for Array Programming},
  pages={62},
  year={2014},
  organization={ACM}
}

@conference{hsu2014dy,
  title = {Co-dfns Report: Performance and Reliability Prototyping},
  author = {Aaron W. Hsu},
  booktitle = {Dyalog User Meeting '14},
  year = {2014},
  month = {September}
}
  
@article{darte2000complexity,
  title={On the complexity of loop fusion},
  author={Darte, Alain},
  journal={Parallel Computing},
  volume={26},
  number={9},
  pages={1175--1193},
  year={2000},
  publisher={Elsevier}
}

@conference{shacknielsen2014parsing,
  title = {Parsing APL for Static Analysis},
  author = {Anders Shack-Nielsen},
  booktitle = {Dyalog User Meeting '14},
  year = {2014},
  month = {September}
}
  
@inproceedings{casey2010mclab,
  title={McLab: An extensible compiler toolkit for MATLAB and related languages},
  author={Casey, Andrew and Li, Jun and Doherty, Jesse and Chevalier-Boisvert, Maxime and Aslam, Toheed and Dubrau, Anton and Lameed, Nurudeen and Aslam, Amina and Garg, Rahul and Radpour, Soroush and others},
  booktitle={Proceedings of the Third C* Conference on Computer Science and Software Engineering},
  pages={114--117},
  year={2010},
  organization={ACM}
}

@article{moseley2006out,
  title={Out of the tar pit},
  author={Moseley, Ben and Marks, Peter},
  journal={Software Practice Advancement (SPA)},
  year={2006}
}

@article{chamberlain2007parallel,
  title={Parallel programmability and the chapel language},
  author={Chamberlain, Bradford L and Callahan, David and Zima, Hans P},
  journal={International Journal of High Performance Computing Applications},
  volume={21},
  number={3},
  pages={291--312},
  year={2007},
  publisher={SAGE Publications}
}

@incollection{lin1994zpl,
  title={ZPL: An array sublanguage},
  author={Lin, Calvin and Snyder, Lawrence},
  booktitle={Languages and Compilers for Parallel Computing},
  pages={96--114},
  year={1994},
  publisher={Springer}
}

@article{grelck2006sac,
  title={SACâ€”A functional array language for efficient multi-threaded execution},
  author={Grelck, Clemens and Scholz, Sven-Bodo},
  journal={International Journal of Parallel Programming},
  volume={34},
  number={4},
  pages={383--427},
  year={2006},
  publisher={Springer}
}

@inproceedings{ju1991exploitation,
  title={Exploitation of APL data parallelism on a shared-memory MIMD machine},
  author={Ju, Dz-Ching and Ching, Wai-Mee},
  booktitle={ACM SIGPLAN Notices},
  volume={26},
  number={7},
  pages={61--72},
  year={1991},
  organization={ACM}
}

@article{ju1991performance,
  title={On performance and space usage improvements for parallelized compiled APL code},
  author={Ju, Dz-ching and Ching, Wai-Mee and Wu, Chuan-lin},
  journal={ACM SIGAPL APL Quote Quad},
  volume={21},
  number={4},
  pages={234--243},
  year={1991},
  publisher={ACM}
}

@conference{dyalog2014dwa,
  title = {SA4: Introduction to Direct Workspace Access (DWA)},
  author = {Dyalog},
  booktitle = {Dyalog User Meeting '14},
  year = {2014},
  month = {September}
}
  
@misc{dyalog2015www,
  title = {Dyalog: A Tool of Thought for Software Solutions},
  author = {Dyalog},
  year = {2015}
}

@inproceedings{holk2011declarative,
  title={Declarative Parallel Programming for GPUs.},
  author={Holk, Eric and Byrd, William E and Mahajan, Nilesh and Willcock, Jeremiah and Chauhan, Arun and Lumsdaine, Andrew},
  booktitle={PARCO},
  pages={297--304},
  year={2011}
}

@book{hendriks1990sparse,
  title={Sparse matrix technology tools in APL},
  author={Hendriks, Ferdinand and Ching, Wai-Mee},
  volume={20},
  number={4},
  year={1990},
  publisher={ACM}
}

@inproceedings{steele2006parallel,
  title={Parallel Programming and Parallel Abstractions in Fortress.},
  author={Steele Jr, Guy L},
  booktitle={FLOPS},
  pages={1},
  year={2006}
}

@inproceedings{bunda1984apl,
  title={APL two by two-syntax analysis by pairwise reduction},
  author={Bunda, JD and Gerth, JA},
  booktitle={ACM SIGAPL APL Quote Quad},
  volume={14},
  number={4},
  pages={85--94},
  year={1984},
  organization={ACM}
}

@incollection{slepak2014array,
  title={An array-oriented language with static rank polymorphism},
  author={Slepak, Justin and Shivers, Olin and Manolios, Panagiotis},
  booktitle={Programming Languages and Systems},
  pages={27--46},
  year={2014},
  publisher={Springer}
}

@article{iverson2007notation,
  title={Notation as a tool of thought},
  author={Iverson, Kenneth E},
  journal={ACM SIGAPL APL Quote Quad},
  volume={35},
  number={1-2},
  pages={2--31},
  year={2007},
  publisher={ACM}
}

@misc{iverson1987notation,
  title={Notation as a Tool of Thought, 1979 Turing Award Lecture, A CM Turing Award Lectures: The First Twenty Years},
  author={Iverson, KE},
  year={1987},
  publisher={ACM Press}
}

@book{mullin1988mathematics,
  title={A mathematics of arrays},
  author={Mullin, Lenore},
  year={1988},
  publisher={School of Computer and Information Science, Syracuse University}
}

@inproceedings{chakravarty2011accelerating,
  title={Accelerating Haskell array codes with multicore GPUs},
  author={Chakravarty, Manuel MT and Keller, Gabriele and Lee, Sean and McDonell, Trevor L and Grover, Vinod},
  booktitle={Proceedings of the sixth workshop on Declarative aspects of multicore programming},
  pages={3--14},
  year={2011},
  organization={ACM}
}

@article{mendez2012inclusion,
  title={A GPU implementation of inclusion-based points-to analysis},
  author={Mendez-Lojo, Mario and Burtscher, Martin and Pingali, Keshav},
  journal={ACM SIGPLAN Notices},
  volume={47},
  number={8},
  pages={107--116},
  year={2012},
  publisher={ACM}
}

@video{kromberg2013parallel,
  title = {Dyalog '13: Parallel Language Features in Version 14.0},
  author = {Morten Kromberg and Jay Foad},
  year = {2013},
  month = {October},
  url = {http://video.dyalog.com/Dyalog13/?v=Bmx\_yUKxVv0}
}

@video{grosvenor2013cosmos,
  title = {Dyalog '13: COSMOS Performance Improvements},
  author = {Paul Grosvenor},
  year = {2013},
  month = {October},
  url = {http://video.dyalog.com/Dyalog13/?v=oK\_XGobiFmM}
}

@article{charles2005x10,
  title={X10: an object-oriented approach to non-uniform cluster computing},
  author={Charles, Philippe and Grothoff, Christian and Saraswat, Vijay and Donawa, Christopher and Kielstra, Allan and Ebcioglu, Kemal and Von Praun, Christoph and Sarkar, Vivek},
  journal={Acm Sigplan Notices},
  volume={40},
  number={10},
  pages={519--538},
  year={2005},
  publisher={ACM}
}

@article{bernecky1987rank,
  title={An introduction to function rank},
  author={Bernecky, Robert},
  journal={ACM SIGAPL APL Quote Quad},
  volume={18},
  number={2},
  pages={39--43},
  year={1987},
  publisher={ACM}
}

@article{bernecky1997apex,
  title={APEX: The APL parallel executor},
  author={Bernecky, Robert},
  year={1997},
  publisher={Citeseer}
}

@article{bernecky1999reducing,
  title={Reducing computational complexity with array predicates},
  author={Bernecky, Robert},
  journal={ACM SIGAPL APL Quote Quad},
  volume={29},
  number={3},
  pages={39--43},
  year={1999},
  publisher={ACM}
}

@inproceedings{bernecky2003tokenizer,
  title={An SPMD/SIMD parallel tokenizer for APL},
  author={Bernecky, Robert},
  booktitle={Proceedings of the 2003 conference on APL: stretching the mind},
  pages={21--32},
  year={2003},
  organization={ACM}
}

@inproceedings{hui1995rank,
  title={Rank and uniformity},
  author={Hui, Roger KW},
  booktitle={ACM SIGAPL APL Quote Quad},
  volume={25},
  number={4},
  pages={83--90},
  year={1995},
  organization={ACM}
}

@misc{hui2014key,
  title = {Essays/Key},
  author = {Roger Hui},
  url = {http://www.jsoftware.com/jwiki/Essays/Key}
}

@article{prabhu2011eigencfa,
  title={EigenCFA: accelerating flow analysis with GPUs},
  author={Prabhu, Tarun and Ramalingam, Shreyas and Might, Matthew and Hall, Mary},
  journal={ACM SIGPLAN Notices},
  volume={46},
  number={1},
  pages={511--522},
  year={2011},
  publisher={ACM}
}

@article{budd1984apl,
  title={An APL compiler for a vector processor},
  author={Budd, Timothy A},
  journal={ACM Transactions on Programming Languages and Systems (TOPLAS)},
  volume={6},
  number={3},
  pages={297--313},
  year={1984},
  publisher={ACM}
}

@book{budd2012apl,
  title={An APL compiler},
  author={Budd, Timothy},
  year={2012},
  publisher={Springer Science \& Business Media}
}

@inproceedings{ching1990automatic,
  title={Automatic parallelization of APL-style programs},
  author={Ching, Wai-Mee},
  booktitle={ACM SIGAPL APL Quote Quad},
  volume={20},
  number={4},
  pages={76--80},
  year={1990},
  organization={ACM}
}

@inproceedings{ching2000design,
  title={The design and implementation of an APL dialect, ELI},
  author={Ching, Wai-Mee},
  booktitle={ACM SIGAPL APL Quote Quad},
  volume={30},
  number={4},
  pages={69--76},
  year={2000},
  organization={ACM}
}

@inproceedings{ching1994experimental,
  title={An experimental APL compiler for a distributed memory parallel machine},
  author={Ching, Wai Mee and Katz, Alex},
  booktitle={Proceedings of the 1994 ACM/IEEE conference on Supercomputing},
  pages={59--68},
  year={1994},
  organization={IEEE Computer Society Press}
}

@article{ching1993primitive,
  title={A primitive-based strategy for producing efficient code for very high level programs},
  author={Ching, Wai-Mee and Carini, Paul and Ju, Dz-Ching},
  journal={Computer languages},
  volume={19},
  number={1},
  pages={41--50},
  year={1993},
  publisher={Elsevier}
}

@incollection{schwarz1991acorn,
  title={Acorn Run-Time System for the CM-2},
  author={Schwarz, Walter},
  booktitle={Arrays, Functional Languages, and Parallel Systems},
  pages={35--57},
  year={1991},
  publisher={Springer}
}

@inproceedings{keep2013nanopass,
  title={A nanopass framework for commercial compiler development},
  author={Keep, Andrew W and Dybvig, R Kent},
  booktitle={ACM SIGPLAN Notices},
  volume={48},
  number={9},
  pages={343--350},
  year={2013},
  organization={ACM}
}

@incollection{henglein2013dd,
author = {Henglein, Fritz and Hinze, Ralf},
title = {{Sorting and Searching by Distribution: From Generic Discrimination to Generic Tries}},
booktitle = {Programming Languages and Systems},
year = {2013},
pages = {315--332},
publisher = {Springer},
month = dec
}

@inproceedings{dybvig2006development,
  title={The development of chez scheme},
  author={Dybvig, R Kent},
  booktitle={ACM SIGPLAN Notices},
  volume={41},
  number={9},
  pages={1--12},
  year={2006},
  organization={ACM}
}

@inproceedings{bondhugula2008pluto,
  title={PLuTo: A practical and fully automatic polyhedral program optimization system},
  author={Bondhugula, Uday and Hartono, A and Ramanujam, J and Sadayappan, P},
  booktitle={Proceedings of the ACM SIGPLAN 2008 Conference on Programming Language Design and Implementation (PLDI 08), Tucson, AZ (June 2008)},
  year={2008},
  organization={Citeseer}
}

@article{baalbergen1988design,
  title={Design and implementation of parallel make},
  author={Baalbergen, Erik H.},
  journal={Computing Systems},
  volume={1},
  number={2},
  pages={135--158},
  year={1988},
  publisher={Citeseer}
}

@misc{marlow2004glasgow,
  title={The glasgow haskell compiler},
  author={Marlow, Simon and Jones, S Peyton and others},
  year={2004},
  publisher={Citeseer}
}

@book{kepner2011graph,
  title={Graph algorithms in the language of linear algebra},
  author={Kepner, Jeremy and Gilbert, John},
  volume={22},
  year={2011},
  publisher={SIAM}
}

@inproceedings{adams2011flow,
  title={Flow-sensitive type recovery in linear-log time},
  author={Adams, Michael D and Keep, Andrew W and Midtgaard, Jan and Might, Matthew and Chauhan, Arun and Dybvig, R Kent},
  booktitle={ACM SIGPLAN Notices},
  volume={46},
  number={10},
  pages={483--498},
  year={2011},
  organization={ACM}
}

@article{oliveira2008visitor,
  title={The visitor pattern as a reusable, generic, type-safe component},
  author={Oliveira, Bruno CdS and Wang, Meng and Gibbons, Jeremy},
  journal={ACM Sigplan Notices},
  volume={43},
  number={10},
  pages={439--456},
  year={2008},
  publisher={ACM}
}

@inproceedings{lattner2008llvm,
  title={LLVM and Clang: Next generation compiler technology},
  author={Lattner, Chris},
  booktitle={The BSD Conference},
  pages={1--2},
  year={2008}
}

@article{leroy2009compcert,
  author = {Xavier Leroy},
  title = {Formal verification of a realistic compiler},
  journal = {Communications of the ACM},
  year = 2009,
  volume = 52,
  number = 7,
  pages = {107--115},
  url = {http://gallium.inria.fr/~xleroy/publi/compcert-CACM.pdf},
  urlpublisher = {http://doi.acm.org/10.1145/1538788.1538814},
  hal = {http://hal.archives-ouvertes.fr/inria-00415861/},
  pubkind = {journal-int-mono},
  abstract = {This paper reports on the development and formal verification (proof
of semantic preservation) of CompCert, a compiler from Clight (a
large subset of the C programming language) to PowerPC assembly code,
using the Coq proof assistant both for programming the compiler and
for proving its correctness.  Such a verified compiler is useful in
the context of critical software and its formal verification: the
verification of the compiler guarantees that the safety properties
proved on the source code hold for the executable compiled code as
well.}
}

@inproceedings{goldfarb2013general,
  title={General transformations for GPU execution of tree traversals},
  author={Goldfarb, Michael and Jo, Youngjoon and Kulkarni, Milind},
  booktitle={Proceedings of the International Conference on High Performance Computing, Networking, Storage and Analysis},
  pages={10},
  year={2013},
  organization={ACM}
}

@inproceedings{hsu2015accelerating,
  title={Accelerating information experts through compiler design},
  author={Hsu, Aaron W},
  booktitle={Proceedings of the 2nd ACM SIGPLAN International Workshop on Libraries, Languages, and Compilers for Array Programming},
  pages={37--42},
  year={2015},
  organization={ACM}
}

@book{iverson1983rationalized,
  title={Rationalized APL},
  author={Iverson, Kenneth E},
  year={1983},
  publisher={IP Sharp Associates}
}

@inproceedings{bernecky2015abstract,
 author = {Bernecky, Robert and Scholz, Sven-Bodo},
 title = {Abstract Expressionism for Parallel Performance},
 booktitle = {Proceedings of the 2Nd ACM SIGPLAN International Workshop on Libraries, Languages, and Compilers for Array Programming},
 series = {ARRAY 2015},
 year = {2015},
 isbn = {978-1-4503-3584-3},
 location = {Portland, OR, USA},
 pages = {54--59},
 numpages = {6},
 url = {http://doi.acm.org/10.1145/2774959.2774962},
 doi = {10.1145/2774959.2774962},
 acmid = {2774962},
 publisher = {ACM},
 address = {New York, NY, USA},
 keywords = {APL, HPC, SAC, algorithms, expressiveness, functional array languages, parallelism, readability},
} 

