@article{parr2011ll,
  title={LL (*) the foundation of the ANTLR parser generator},
  author={Parr, Terence and Fisher, Kathleen},
  journal={ACM Sigplan Notices},
  volume={46},
  number={6},
  pages={425--436},
  year={2011},
  publisher={ACM New York, NY, USA}
}

@inproceedings{ford2004parsing,
  title={Parsing expression grammars: a recognition-based syntactic foundation},
  author={Ford, Bryan},
  booktitle={Proceedings of the 31st ACM SIGPLAN-SIGACT symposium on Principles of programming languages},
  pages={111--122},
  year={2004}
}

@book{johnson1975yacc,
  title={Yacc: Yet another compiler-compiler},
  author={Johnson, Stephen C and others},
  volume={32},
  year={1975},
  publisher={Bell Laboratories Murray Hill, NJ}
}

@InProceedings{ortin2022evaluation,
author="Ortin, Francisco
and Quiroga, Jose
and Rodriguez-Prieto, Oscar
and Garcia, Miguel",
editor="Rocha, Alvaro
and Adeli, Hojjat
and Dzemyda, Gintautas
and Moreira, Fernando",
title="Evaluation of the Use of Different Parser Generators in a Compiler Construction Course",
booktitle="Information Systems and Technologies",
year="2022",
publisher="Springer International Publishing",
address="Cham",
pages="338--346",
isbn="978-3-031-04829-6"
}

@article{woods1970context,
  title={Context-sensitive parsing},
  author={Woods, William A},
  journal={Communications of the ACM},
  volume={13},
  number={7},
  pages={437--445},
  year={1970},
  publisher={ACM New York, NY, USA}
}

@inproceedings{laurent2016taming,
  title={Taming context-sensitive languages with principled stateful parsing},
  author={Laurent, Nicolas and Mens, Kim},
  booktitle={Proceedings of the 2016 ACM SIGPLAN International Conference on Software Language Engineering},
  pages={15--27},
  year={2016}
}

@inproceedings{kurs2014top,
  title={Top-down parsing with parsing contexts},
  author={Kurs, Jan and Lungu, Mircea and Nierstrasz, Oscar},
  booktitle={Proceedings of International Workshop on Smalltalk Technologies (IWST 2014)},
  year={2014}
}

@inproceedings{hsu2014co,
  title={Co-dfns: Ancient language, modern compiler},
  author={Hsu, Aaron Wen-yao},
  booktitle={Proceedings of ACM SIGPLAN International Workshop on Libraries, Languages, and Compilers for Array Programming},
  pages={62--67},
  year={2014}
}

@phdthesis{hsu2019data,
  title={A data parallel compiler hosted on the gpu},
  author={Hsu, Aaron Wen-yao},
  year={2019},
  school={Indiana University}
}

@inproceedings{bunda1984apl,
  title={APL two by two-syntax analysis by pairwise reduction},
  author={Bunda, John D and Gerth, John A},
  booktitle={Proceedings of the international conference on APL},
  pages={85--94},
  year={1984}
}

@inproceedings{sengul2023faster,
  title={Faster APL with Lazy Extensions},
  author={Sengul, Andrew},
  booktitle={Proceedings of the 9th ACM SIGPLAN International Workshop on Libraries, Languages and Compilers for Array Programming},
  pages={62--74},
  year={2023}
}

@article{bernecky1992compiler,
author = {Bernecky, Robert and Osterburg, Gert},
title = {Compiler tools in APL},
year = {1992},
issue_date = {July 1992},
publisher = {Association for Computing Machinery},
address = {New York, NY, USA},
volume = {23},
number = {1},
issn = {0163-6006},
url = {https://doi.org/10.1145/144052.144069},
doi = {10.1145/144052.144069},
journal = {SIGAPL APL Quote Quad},
month = {jul},
pages = {22â€“33},
numpages = {12}
}

@book{budd2012apl,
  title={An APL compiler},
  author={Budd, Timothy},
  year={2012},
  publisher={Springer Science \& Business Media}
}

@article{otto2000apl,
  title={An APL ompiler},
  author={Otto, Tilman P},
  journal={ACM SIGAPL APL Quote Quad},
  volume={30},
  number={4},
  pages={186--193},
  year={2000},
  publisher={ACM New York, NY, USA}
}

@incollection{bernecky1991compiling,
  title={Compiling APL},
  author={Bernecky, Robert},
  booktitle={Arrays, Functional Languages, and Parallel Systems},
  pages={19--33},
  year={1991},
  publisher={Springer}
}

@article{leijen2001parsec,
  title={Parsec: A practical parser library},
  author={Leijen, Daan and Meijer, Erik},
  journal={Electronic Notes in Theoretical Computer Science},
  volume={41},
  number={1},
  pages={1--20},
  year={2001}
}



