@inproceedings{unet,
  title={U-net: Convolutional networks for biomedical image segmentation},
  author={Ronneberger, Olaf and Fischer, Philipp and Brox, Thomas},
  booktitle={International Conference on Medical image computing and computer-assisted intervention},
  pages={234--241},
  year={2015},
  organization={Springer}
}

@inproceedings{imagenet,
  title={Imagenet: A large-scale hierarchical image database},
  author={Deng, Jia and Dong, Wei and Socher, Richard and Li, Li-Jia and Li, Kai and Fei-Fei, Li},
  booktitle={2009 IEEE conference on computer vision and pattern recognition},
  pages={248--255},
  year={2009},
  organization={IEEE}
}

@article{cnns-imagenet,
  title={Imagenet classification with deep convolutional neural networks},
  author={Krizhevsky, Alex and Sutskever, Ilya and Hinton, Geoffrey E},
  journal={Advances in neural information processing systems},
  volume={25},
  year={2012}
}

@article{cnns-lecun-doc-recognition,
  title={Gradient-based learning applied to document recognition},
  author={LeCun, Yann and Bottou, L{\'e}on and Bengio, Yoshua and Haffner, Patrick},
  journal={Proceedings of the IEEE},
  volume={86},
  number={11},
  pages={2278--2324},
  year={1998},
  publisher={IEEE}
}

@inproceedings{apl,
  title={A programming language},
  author={Iverson, Kenneth E},
  booktitle={Proceedings of the May 1-3, 1962, spring joint computer conference},
  pages={345--351},
  year={1962}
}

@article{apl-since-78,
  title={APL since 1978},
  author={Hui, Roger KW and Kromberg, Morten J},
  journal={Proceedings of the ACM on Programming Languages},
  volume={4},
  number={HOPL},
  pages={1--108},
  year={2020},
  publisher={ACM New York, NY, USA}
}

@article{intro-to-cnn,
  title={An introduction to convolutional neural networks},
  author={O'Shea, Keiron and Nash, Ryan},
  journal={arXiv preprint arXiv:1511.08458},
  year={2015}
}

@article{conv-arithmetic-guide,
  title={A guide to convolution arithmetic for deep learning},
  author={Dumoulin, Vincent and Visin, Francesco},
  journal={arXiv preprint arXiv:1603.07285},
  year={2016}
}

@inproceedings{pooling,
  title={Evaluation of pooling operations in convolutional architectures for object recognition},
  author={Scherer, Dominik and M{\"u}ller, Andreas and Behnke, Sven},
  booktitle={International conference on artificial neural networks},
  pages={92--101},
  year={2010},
  organization={Springer}
}

@inproceedings{bernecky-cnn,
  title={Convolutional neural networks in APL},
  author={{\v{S}}inkarovs, Artjoms and Bernecky, Robert and Scholz, Sven-Bodo},
  booktitle={Proceedings of the 6th ACM SIGPLAN International Workshop on Libraries, Languages and Compilers for Array Programming},
  pages={69--79},
  year={2019}
}

@misc{stencil-lives,
 title={Stencil Lives},
 url={https://www.dyalog.com/blog/2017/07/stencil-lives/},
 urldate={2/3/2022},
 journal={Dyalog},
 author={Hui, Roger},
 year={2017},
 month={Jul}
}

@misc{SF-hui-blog,
 title={Towards Improvements to Stencil},
 url={https://www.dyalog.com/blog/2020/06/towards-improvements-to-stencil/},
 urldate={2/3/2022},
 journal={Dyalog},
 author={Hui, Roger},
 year={2020},
 month={Jun}
}

@misc{up-transposed,
 title={Transposed convolution},
 url={https://mathspp.com/blog/til/033#transposed-convolution},
 urldate={2/3/2022},
 journal={Mathspp},
 author={Serrão, Rodrigo Girão},
 year={2022},
 month={February}
}

@misc{stencil-in-J,
  title={Vocabulary/semidot},
  url={https://code.jsoftware.com/wiki/Vocabulary/semidot},
  urldate={2/3/2022},
  journal={J Wiki},
  author={JSoftware},
  year={2014},
  month={March}
}

@article{data-source-ctc,
  title={An objective comparison of cell-tracking algorithms},
  author={Ulman, Vladim{\'\i}r and Ma{\v{s}}ka, Martin and Magnusson, Klas EG and Ronneberger, Olaf and Haubold, Carsten and Harder, Nathalie and Matula, Pavel and Matula, Petr and Svoboda, David and Radojevic, Miroslav and others},
  journal={Nature methods},
  volume={14},
  number={12},
  pages={1141--1152},
  year={2017},
  publisher={Nature Publishing Group}
}

@incollection{pytorch,
 title = {PyTorch: An Imperative Style, High-Performance Deep Learning Library},
 author = {Paszke, Adam and Gross, Sam and Massa, Francisco and Lerer, Adam and Bradbury, James and Chanan, Gregory and Killeen, Trevor and Lin, Zeming and Gimelshein, Natalia and Antiga, Luca and Desmaison, Alban and Kopf, Andreas and Yang, Edward and DeVito, Zachary and Raison, Martin and Tejani, Alykhan and Chilamkurthy, Sasank and Steiner, Benoit and Fang, Lu and Bai, Junjie and Chintala, Soumith},
 booktitle = {Advances in Neural Information Processing Systems 32},
 pages = {8024--8035},
 year = {2019},
 publisher = {Curran Associates, Inc.},
 url = {http://papers.neurips.cc/paper/9015-pytorch-an-imperative-style-high-performance-deep-learning-library.pdf}
}

@article{caffe,
  author = {Jia, Yangqing and Shelhamer, Evan and Donahue, Jeff and Karayev, Sergey and Long, Jonathan and Girshick, Ross and Guadarrama, Sergio and Darrell, Trevor},
  journal = {arXiv preprint arXiv:1408.5093},
  title = {Caffe: Convolutional Architecture for Fast Feature Embedding},
  year = {2014}
}

@book{mdapl,
 place={Bramley},
 edition={1},
 title={Mastering Dyalog APL},
 publisher={Dyalog Ltd.},
 author={Legrand, Bernard},
 year={2009}
}

@article{relu,
  title={Activation functions: Comparison of trends in practice and research for deep learning},
  author={Nwankpa, Chigozie and Ijomah, Winifred and Gachagan, Anthony and Marshall, Stephen},
  journal={arXiv preprint arXiv:1811.03378},
  year={2018}
}

@article{domingos2012few,
  title={A few useful things to know about machine learning},
  author={Domingos, Pedro},
  journal={Communications of the ACM},
  volume={55},
  number={10},
  pages={78--87},
  year={2012},
  publisher={ACM New York, NY, USA}
}

@phdthesis{hsu2019data,
  title={A data parallel compiler hosted on the gpu},
  author={Hsu, Aaron Wen-yao},
  year={2019},
  school={Indiana University}
}

@article{isbi-data,
    doi = {10.1371/journal.pbio.1000502},
    author = {Cardona, Albert AND Saalfeld, Stephan AND Preibisch, Stephan AND Schmid, Benjamin AND Cheng, Anchi AND Pulokas, Jim AND Tomancak, Pavel AND Hartenstein, Volker},
    journal = {PLOS Biology},
    publisher = {Public Library of Science},
    title = {An Integrated Micro- and Macroarchitectural Analysis of the Drosophila Brain by Computer-Assisted Serial Section Electron Microscopy},
    year = {2010},
    month = {10},
    volume = {8},
    url = {https://doi.org/10.1371/journal.pbio.1000502},
    pages = {1-17},
    abstract = {A new software package allows for dense electron microscopy reconstructions of neuronal networks in the fruit fly brain, and reveals specific differences in microcircuits between insects and vertebrates.},
    number = {10}
}

@article{alfonseca-1990-aplnn,
author = {Alfonseca, Manuel},
title = {Neural Networks in APL},
year = {1990},
issue_date = {July 1990},
publisher = {Association for Computing Machinery},
address = {New York, NY, USA},
volume = {20},
number = {4},
issn = {0163-6006},
url = {https://doi.org/10.1145/97811.97816},
doi = {10.1145/97811.97816},
abstract = {Neural networks are fairly straightforward to program in a matrix oriented language such as APL. The only general improvement that would benefit them would be the implementation of sparse matrics. Small networks can be trained quite easily using the standard procedures (back propagation, etc).},
journal = {SIGAPL APL Quote Quad},
month = {may},
pages = {2–6},
numpages = {5}
}

@incollection{knuth2007computer,
  title={Computer programming as an art},
  author={Knuth, Donald E},
  booktitle={ACM Turing award lectures},
  pages={1974},
  year={2007}
}

@misc{arrayfire-release-cudnn,
 title={ArrayFire v3.7.x Release},
 url={https://arrayfire.com/blog/arrayfire-v3-6-release-2/},
 urldate={2/3/2022},
 journal={ArrayFire},
 author={Yurkevitch, Stefan},
 year={2020},
 month={Jul}
}

@incollection{iverson2007notation,
  title={Notation as a tool of thought},
  author={Iverson, Kenneth E},
  booktitle={ACM Turing award lectures},
  pages={1979},
  year={2007}
}

@inproceedings{futhark,
  title={Futhark: purely functional GPU-programming with nested parallelism and in-place array updates},
  author={Henriksen, Troels and Serup, Niels GW and Elsman, Martin and Henglein, Fritz and Oancea, Cosmin E},
  booktitle={Proceedings of the 38th ACM SIGPLAN Conference on Programming Language Design and Implementation},
  pages={556--571},
  year={2017}
}

@book{matlab,
  title={MATLAB reference guide},
  author={Math Works, Inc},
  year={1992},
  publisher={Math Works, Incorporated}
}

@article{julia,
  title={Julia: A fresh approach to numerical computing},
  author={Bezanson, Jeff and Edelman, Alan and Karpinski, Stefan and Shah, Viral B},
  journal={SIAM review},
  volume={59},
  number={1},
  pages={65--98},
  year={2017},
  publisher={SIAM}
}